@misc{stem,
  title = {Stem: a Python controller library for Tor},
  howpublished = {\url{https://stem.torproject.org/}},
  note = {Accessed: 2019-03-15}
}
